<?xml version="1.0" encoding="UTF-8"?><record xmlns="http://www.loc.gov/MARC21/slim" xmlns:cinclude="http://apache.org/cocoon/include/1.0" xmlns:zs="http://www.loc.gov/zing/srw/">
  <leader>01144cz  a2200241n  4500</leader>
  <controlfield tag="001">n  82079058 </controlfield>
  <controlfield tag="003">DLC</controlfield>
  <controlfield tag="005">20120731081233.0</controlfield>
  <controlfield tag="008">820708n| adannaabn          |b ana      </controlfield>
  <datafield tag="010" ind1=" " ind2=" ">
    <subfield code="a">n  82079058 </subfield>
  </datafield>
  <datafield tag="035" ind1=" " ind2=" ">
    <subfield code="a">(OCoLC)oca00775771</subfield>
  </datafield>
  <datafield tag="040" ind1=" " ind2=" ">
    <subfield code="a">DLC</subfield>
    <subfield code="b">eng</subfield>
    <subfield code="c">DLC</subfield>
    <subfield code="d">DLC</subfield>
    <subfield code="d">DLC-R</subfield>
    <subfield code="d">DLC-R</subfield>
    <subfield code="d">OCoLC</subfield>
    <subfield code="d">DLC</subfield>
  </datafield>
  <datafield tag="110" ind1="1" ind2=" ">
    <subfield code="a">Japan.</subfield>
    <subfield code="b">Rōdōshō.</subfield>
    <subfield code="b">Shokugyō Kunrenkyoku</subfield>
  </datafield>
  <datafield tag="410" ind1="1" ind2=" ">
    <subfield code="a">Japan.</subfield>
    <subfield code="b">Rōdōshō.</subfield>
    <subfield code="b">Vocational Training Bureau</subfield>
  </datafield>
  <datafield tag="410" ind1="1" ind2=" ">
    <subfield code="a">Japan.</subfield>
    <subfield code="b">Vocational Training Bureau</subfield>
  </datafield>
  <datafield tag="410" ind1="1" ind2=" ">
    <subfield code="a">Japan.</subfield>
    <subfield code="b">労働省.</subfield>
    <subfield code="b">職業訓練局</subfield>
  </datafield>
  <datafield tag="410" ind1="1" ind2=" ">
    <subfield code="a">Japan.</subfield>
    <subfield code="b">勞働省.</subfield>
    <subfield code="b">職業訓練局</subfield>
  </datafield>
  <datafield tag="510" ind1="1" ind2=" ">
    <subfield code="w">a</subfield>
    <subfield code="a">Japan.</subfield>
    <subfield code="b">Rōdōshō.</subfield>
    <subfield code="b">Shokugyō Kunrenbu</subfield>
  </datafield>
  <datafield tag="510" ind1="1" ind2=" ">
    <subfield code="w">b</subfield>
    <subfield code="a">Japan.</subfield>
    <subfield code="b">Shokugyō Nōryoku Kaihatsukyoku</subfield>
  </datafield>
  <datafield tag="667" ind1=" " ind2=" ">
    <subfield code="a">THIS 1XX FIELD CANNOT BE USED UNDER RDA UNTIL THIS RECORD HAS BEEN REVIEWED AND/OR UPDATED</subfield>
  </datafield>
  <datafield tag="667" ind1=" " ind2=" ">
    <subfield code="a">Machine-derived non-Latin script reference project.</subfield>
  </datafield>
  <datafield tag="667" ind1=" " ind2=" ">
    <subfield code="a">Non-Latin script references not evaluated.</subfield>
  </datafield>
  <datafield tag="670" ind1=" " ind2=" ">
    <subfield code="a">New approach to vocational training, 1985-1986:</subfield>
    <subfield code="b">v. 1, t.p. (Human Resources Development Bureau Ministry of Labour) 2nd prelim. p. (Vocational Training Bureau) chg. name to: Human Resources Development Bureau)</subfield>
  </datafield>
</record>